[gd_scene load_steps=12 format=2]

[ext_resource path="res://Main/T_Background.png" type="Texture" id=1]
[ext_resource path="res://Paddle/Player.tscn" type="PackedScene" id=2]
[ext_resource path="res://Paddle/Enemy.gd" type="Script" id=3]
[ext_resource path="res://Ball/Ball.tscn" type="PackedScene" id=4]
[ext_resource path="res://Ball/Ball.gd" type="Script" id=5]
[ext_resource path="res://Main/PlayerScore.gd" type="Script" id=6]

[sub_resource type="DynamicFontData" id=1]
font_path = "res://rimouski/rimouski sb.ttf"

[sub_resource type="DynamicFont" id=2]
font_data = SubResource( 1 )

[sub_resource type="DynamicFontData" id=3]
font_path = "res://rimouski/rimouski sb.ttf"

[sub_resource type="DynamicFont" id=4]
font_data = SubResource( 3 )

[sub_resource type="GDScript" id=5]
script/source = "extends TextEdit

# Declare member variables here. Examples:
# var a = 2
# var b = \"text\"
var score 

# Called when the node enters the scene tree for the first time.
func _ready():
	pass

# Called every frame. 'delta' is the elapsed time since the previous frame.
#func _process(delta):
#	pass







func _on_Enemy_increaseScore(newScore):
	self.text = String(newScore)
"

[node name="Main" type="Node2D"]

[node name="TextureRect" type="TextureRect" parent="."]
margin_top = -2.57213
margin_right = 900.0
margin_bottom = 597.428
texture = ExtResource( 1 )

[node name="Enemy" parent="." instance=ExtResource( 2 )]
modulate = Color( 1, 0.396078, 0.396078, 1 )
position = Vector2( 848.285, 300 )
collision_layer = 2
collision_mask = 4
script = ExtResource( 3 )
pathToBall = NodePath("../Ball")

[node name="Player" parent="." instance=ExtResource( 2 )]
modulate = Color( 0.321569, 0.411765, 1, 1 )
position = Vector2( 50, 300 )
collision_layer = 2
collision_mask = 4
speed = 900

[node name="Ball" parent="." instance=ExtResource( 4 )]
modulate = Color( 0.137255, 0.807843, 0, 1 )
position = Vector2( 450, 300 )
collision_layer = 4
collision_mask = 3
script = ExtResource( 5 )

[node name="PlayerScore" type="TextEdit" parent="."]
margin_left = 33.0951
margin_top = 21.0
margin_right = 73.0951
margin_bottom = 61.0
custom_fonts/font = SubResource( 2 )
text = "0"
script = ExtResource( 6 )

[node name="EnemyScore" type="TextEdit" parent="."]
margin_left = 825.0
margin_top = 20.0
margin_right = 865.0
margin_bottom = 60.0
custom_fonts/font = SubResource( 4 )
text = "0"
script = SubResource( 5 )
[connection signal="increaseScore" from="Enemy" to="EnemyScore" method="_on_Enemy_increaseScore"]
[connection signal="increaseScore" from="Player" to="PlayerScore" method="_on_Player_increaseScore"]
[connection signal="area_entered" from="Ball" to="Ball" method="_on_Ball_area_entered"]
[connection signal="enemyScored" from="Ball" to="Enemy" method="_on_Ball_enemyScored"]
[connection signal="playerScored" from="Ball" to="Player" method="_on_Ball_playerScored"]
